@book{sierra2007programacion,
  title={Programaci{\'o}n orientada a objetos con C++},
  author={Sierra, Fco Javier Ceballos},
  volume={3},
  year={2007},
  publisher={Grupo Editorial RA-MA}
}

@book{origenajedrez,
  title={Historia del ajedrez – Origen e inventor},
  author={CurioSfera Historia},
  year={2020},
  publisher={},
  address={https://curiosfera-historia.com/historia-del-ajedrez/}
  }
  
@book{qtframework,
  title={Qt: el framework en C++ para el desarrollo de software multiplataforma},
  author={Know How},
  year={2019},
  publisher={},
  address={https://www.ionos.es/digitalguide/servidores/know-how/qt/}
  }
 
 @book{qt,
  title={Qt Creator/es},
  author={},
  year={},
  publisher={},
  address={https://wiki.qt.io/Qt_Creator/es}
  }
  
   @book{github,
  title={What Is GitHub, and What Is It Used For?},
  author={},
  year={},
  publisher={},
  address={  https://www.howtogeek.com/180167/htg-explains-what-is-github-and-what-do-geeks-use-it-for/}
  }
  
     @book{meet,
  title={Qué es Google Meet y cómo usarlo},
  author={Jaume Vicent},
  year={2020},
  publisher={},
  address={https://www.trecebits.com/2020/04/27/que-es-google-meet-y-como-usarlo/
}
  }
  
       @book{polimorfismo,
  title={Polimorfismo},
  author={},
  year={},
  publisher={},
  address={
https://www.codingame.com/playgrounds/51214/manejo-dinamico-de-memoria-y-polimorfismo-practica-4/polimorfismo
}
  }
  
         @book{c11,
  title={The 15 C++11 features you must really use in your C++ projects.},
  author={CppDepend Team},
  year={},
  publisher={},
  address={https://cppdepend.com/blog/?p=319
}
  }
  
  
